<record><leader>00000cas a22000007a 4500</leader><controlfield tag="001">13223043</controlfield><controlfield tag="008">860303c19239999wvuwr ne      0    0eng d</controlfield><datafield ind1=" " ind2=" " tag="010"><subfield code="a">sn 86092047 </subfield></datafield><datafield ind1=" " ind2=" " tag="040"><subfield code="a">WVC</subfield><subfield code="b">eng</subfield><subfield code="c">WVC</subfield><subfield code="d">OCL</subfield><subfield code="d">OCLCQ</subfield></datafield><datafield ind1=" " ind2=" " tag="042"><subfield code="a">msc</subfield></datafield><datafield ind1="0" ind2=" " tag="130"><subfield code="a">Industrial news (Iaeger, W. Va.)</subfield></datafield><datafield ind1="1" ind2="4" tag="245"><subfield code="a">The industrial news.</subfield></datafield><datafield ind1=" " ind2=" " tag="260"><subfield code="a">Iaeger, W. Va. :</subfield><subfield code="b">James A. Johnson</subfield></datafield><datafield ind1=" " ind2=" " tag="300"><subfield code="a">v.</subfield></datafield><datafield ind1=" " ind2=" " tag="310"><subfield code="a">Weekly</subfield></datafield><datafield ind1="1" ind2=" " tag="362"><subfield code="a">Began in 1923?</subfield></datafield><datafield ind1=" " ind2=" " tag="500"><subfield code="a">"Official Organ of the Democratic Party of McDowell County, ."</subfield></datafield><datafield ind1=" " ind2=" " tag="500"><subfield code="a">Johnson originally published this paper in Coeburn, Va., then Pocahontas, Va., before moving it to Iaeger, W. Va. on Sept. 9, 1926. Cf. Hist. of McDowell Co. &amp; Bulletin, Oct., 1936.</subfield></datafield><datafield ind1=" " ind2=" " tag="588"><subfield code="a">Description based on: Vol. 12, no. 40 (July 18, 1935).</subfield></datafield><datafield ind1=" " ind2=" " tag="752"><subfield code="a">United States</subfield><subfield code="b">West Virginia</subfield><subfield code="c">McDowell</subfield><subfield code="d">Iaeger.</subfield></datafield></record>